@book{shafir2013behavioral,
  title={The behavioral foundations of public policy},
  author={Shafir, Eldar},
  year={2013},
  publisher={Princeton University Press}
}
@article{MINDSPACE,
  title={Influencing behaviour: The mindspace way},
  author={Dolan, Paul and Hallsworth, Michael and Halpern, David and King, Dominic and Metcalfe, Robert and Vlaev, Ivo},
  journal={Journal of Economic Psychology},
  volume={33},
  number={1},
  pages={264--277},
  year={2012},
  publisher={Elsevier}
}
@article{BCW,
  title={The behaviour change wheel: a new method for characterising and designing behaviour change interventions},
  author={Michie, Susan and Van Stralen, Maartje M and West, Robert},
  journal={Implementation science},
  volume={6},
  number={1},
  pages={42},
  year={2011},
  publisher={BioMed Central}
}
@misc{michie2009specifying,
  title={Specifying and reporting complex behaviour change interventions: the need for a scientific method},
  author={Michie, Susan and Fixsen, Dean and Grimshaw, Jeremy M and Eccles, Martin P},
  year={2009},
  publisher={BioMed Central}
}
@article{grant2014understanding,
  title={Understanding, selecting, and integrating a theoretical framework in dissertation research: Creating the blueprint for your “house”},
  author={Grant, Cynthia and Osanloo, Azadeh},
  journal={Administrative Issues Journal},
  volume={4},
  number={2},
  pages={4},
  year={2014}
}
@article{adom2018theoretical,
  title={Theoretical and conceptual framework: Mandatory ingredients of a quality research},
  author={Adom, Dickson and Hussein, Emad Kamil and Agyem, Joe Adu},
  journal={International Journal of Scientific Research},
  volume={7},
  number={1},
  year={2018}
}
@article{davis2015theories,
  title={Theories of behaviour and behaviour change across the social and behavioural sciences: a scoping review},
  author={Davis, Rachel and Campbell, Rona and Hildon, Zoe and Hobbs, Lorna and Michie, Susan},
  journal={Health psychology review},
  volume={9},
  number={3},
  pages={323--344},
  year={2015},
  publisher={Taylor \& Francis}
}